Winamax Poker - Tournament "KING 5 - Stade 1B" buyIn: 0€ + 0€ level: 12 - HandId: #2261071389651894286-91-1645043491 - Holdem no limit (80/350/700) - 2022/02/16 20:31:31 UTC
Table: 'KING 5 - Stade 1B(526446707)#0013' 6-max (real money) Seat #4 is the button
Seat 1: nocpm69 (14953)
Seat 2: Rom6177 (10130)
Seat 3: Patatorz (9045)
Seat 4: Cristobalm19 (40637)
Seat 5: jelachatte (15340)
Seat 6: Don_Tzaloc W (43840)
*** ANTE/BLINDS ***
jelachatte posts ante 80
Don_Tzaloc W posts ante 80
nocpm69 posts ante 80
Rom6177 posts ante 80
Patatorz posts ante 80
Cristobalm19 posts ante 80
jelachatte posts small blind 350
Don_Tzaloc W posts big blind 700
Dealt to jelachatte [Td 6c]
*** PRE-FLOP *** 
nocpm69 folds
Rom6177 calls 700
Patatorz calls 700
Cristobalm19 raises 2100 to 2800
jelachatte folds
Don_Tzaloc W folds
Rom6177 folds
Patatorz folds
Cristobalm19 collected 5730 from pot
*** SUMMARY ***
Total pot 5730 | No rake
Seat 4: Cristobalm19 (button) won 5730


Winamax Poker - Tournament "KING 5 - Stade 1B" buyIn: 0€ + 0€ level: 12 - HandId: #2261071389651894286-92-1645043577 - Holdem no limit (80/350/700) - 2022/02/16 20:32:57 UTC
Table: 'KING 5 - Stade 1B(526446707)#0013' 6-max (real money) Seat #5 is the button
Seat 1: nocpm69 (14873)
Seat 2: Rom6177 (9350)
Seat 3: Patatorz (8265)
Seat 4: Cristobalm19 (43487)
Seat 5: jelachatte (14910)
Seat 6: Don_Tzaloc W (43060)
*** ANTE/BLINDS ***
Don_Tzaloc W posts ante 80
nocpm69 posts ante 80
Rom6177 posts ante 80
Patatorz posts ante 80
Cristobalm19 posts ante 80
jelachatte posts ante 80
Don_Tzaloc W posts small blind 350
nocpm69 posts big blind 700
Dealt to jelachatte [2s 4c]
*** PRE-FLOP *** 
Rom6177 calls 700
Patatorz raises 7485 to 8185 and is all-in
Cristobalm19 folds
jelachatte folds
Don_Tzaloc W folds
nocpm69 folds
Rom6177 calls 7485
*** FLOP *** [Kc Ah 2h]
*** TURN *** [Kc Ah 2h][9c]
*** RIVER *** [Kc Ah 2h 9c][Qh]
*** SHOW DOWN ***
Patatorz shows [7h 7d] (One pair : 7)
Rom6177 shows [Js Ks] (One pair : Kings)
Rom6177 collected 17900 from pot
*** SUMMARY ***
Total pot 17900 | No rake
Board: [Kc Ah 2h 9c Qh]
Seat 2: Rom6177 showed [Js Ks] and won 17900 with One pair : Kings
Seat 3: Patatorz showed [7h 7d] and lost with One pair : 7


Winamax Poker - Tournament "KING 5 - Stade 1B" buyIn: 0€ + 0€ level: 12 - HandId: #2261071389651894286-93-1645043614 - Holdem no limit (80/350/700) - 2022/02/16 20:33:34 UTC
Table: 'KING 5 - Stade 1B(526446707)#0013' 6-max (real money) Seat #6 is the button
Seat 1: nocpm69 (14093)
Seat 2: Rom6177 (18985)
Seat 4: Cristobalm19 (43407)
Seat 5: jelachatte (14830)
Seat 6: Don_Tzaloc W (42630)
*** ANTE/BLINDS ***
nocpm69 posts ante 80
Rom6177 posts ante 80
Cristobalm19 posts ante 80
jelachatte posts ante 80
Don_Tzaloc W posts ante 80
nocpm69 posts small blind 350
Rom6177 posts big blind 700
Dealt to jelachatte [3s Qh]
*** PRE-FLOP *** 
Cristobalm19 folds
jelachatte folds
Don_Tzaloc W raises 840 to 1540
nocpm69 folds
Rom6177 calls 840
*** FLOP *** [Ah 8c Td]
Rom6177 checks
Don_Tzaloc W bets 1400
Rom6177 folds
Don_Tzaloc W collected 5230 from pot
*** SUMMARY ***
Total pot 5230 | No rake
Board: [Ah 8c Td]
Seat 6: Don_Tzaloc W (button) won 5230


Winamax Poker - Tournament "KING 5 - Stade 1B" buyIn: 0€ + 0€ level: 12 - HandId: #2261071389651894286-94-1645043638 - Holdem no limit (80/350/700) - 2022/02/16 20:33:58 UTC
Table: 'KING 5 - Stade 1B(526446707)#0013' 6-max (real money) Seat #1 is the button
Seat 1: nocpm69 (13663)
Seat 2: Rom6177 (17365)
Seat 3: TallmAAn (42366)
Seat 4: Cristobalm19 (43327)
Seat 5: jelachatte (14750)
Seat 6: Don_Tzaloc W (44840)
*** ANTE/BLINDS ***
Rom6177 posts ante 80
TallmAAn posts ante 80
nocpm69 posts ante 80
Cristobalm19 posts ante 80
jelachatte posts ante 80
Don_Tzaloc W posts ante 80
Rom6177 posts small blind 350
TallmAAn posts big blind 700
Dealt to jelachatte [Qs 4h]
*** PRE-FLOP *** 
Cristobalm19 raises 854 to 1554
jelachatte folds
Don_Tzaloc W calls 1554
nocpm69 folds
Rom6177 folds
TallmAAn calls 854
*** FLOP *** [8h 7h Qh]
TallmAAn checks
Cristobalm19 bets 1812
Don_Tzaloc W folds
TallmAAn folds
Cristobalm19 collected 7304 from pot
*** SUMMARY ***
Total pot 7304 | No rake
Board: [8h 7h Qh]
Seat 4: Cristobalm19 won 7304


Winamax Poker - Tournament "KING 5 - Stade 1B" buyIn: 0€ + 0€ level: 12 - HandId: #2261071389651894286-95-1645043715 - Holdem no limit (80/350/700) - 2022/02/16 20:35:15 UTC
Table: 'KING 5 - Stade 1B(526446707)#0013' 6-max (real money) Seat #2 is the button
Seat 1: nocpm69 (13583)
Seat 2: Rom6177 (16935)
Seat 3: TallmAAn (40732)
Seat 4: Cristobalm19 (47185)
Seat 5: jelachatte (14670)
Seat 6: Don_Tzaloc W (43206)
*** ANTE/BLINDS ***
TallmAAn posts ante 80
Cristobalm19 posts ante 80
nocpm69 posts ante 80
Rom6177 posts ante 80
jelachatte posts ante 80
Don_Tzaloc W posts ante 80
TallmAAn posts small blind 350
Cristobalm19 posts big blind 700
Dealt to jelachatte [Js Th]
*** PRE-FLOP *** 
jelachatte folds
Don_Tzaloc W folds
nocpm69 folds
Rom6177 folds
TallmAAn folds
Cristobalm19 collected 1530 from pot
*** SUMMARY ***
Total pot 1530 | No rake
Seat 4: Cristobalm19 (big blind) won 1530


Winamax Poker - Tournament "KING 5 - Stade 1B" buyIn: 0€ + 0€ level: 12 - HandId: #2261071389651894286-96-1645043746 - Holdem no limit (80/350/700) - 2022/02/16 20:35:46 UTC
Table: 'KING 5 - Stade 1B(526446707)#0013' 6-max (real money) Seat #3 is the button
Seat 1: nocpm69 (13503)
Seat 2: Rom6177 (16855)
Seat 3: TallmAAn (40302)
Seat 4: Cristobalm19 (47935)
Seat 5: jelachatte (14590)
Seat 6: Don_Tzaloc W (43126)
*** ANTE/BLINDS ***
Cristobalm19 posts ante 80
jelachatte posts ante 80
nocpm69 posts ante 80
Rom6177 posts ante 80
TallmAAn posts ante 80
Don_Tzaloc W posts ante 80
Cristobalm19 posts small blind 350
jelachatte posts big blind 700
Dealt to jelachatte [3d 9s]
*** PRE-FLOP *** 
Don_Tzaloc W folds
nocpm69 folds
Rom6177 calls 700
TallmAAn folds
Cristobalm19 folds
jelachatte checks
*** FLOP *** [8d Qd As]
jelachatte checks
Rom6177 bets 700
jelachatte folds
Rom6177 collected 2930 from pot
*** SUMMARY ***
Total pot 2930 | No rake
Board: [8d Qd As]
Seat 2: Rom6177 won 2930


Winamax Poker - Tournament "KING 5 - Stade 1B" buyIn: 0€ + 0€ level: 12 - HandId: #2261071389651894286-97-1645043769 - Holdem no limit (80/350/700) - 2022/02/16 20:36:09 UTC
Table: 'KING 5 - Stade 1B(526446707)#0013' 6-max (real money) Seat #4 is the button
Seat 1: nocpm69 (13423)
Seat 2: Rom6177 (18305)
Seat 3: TallmAAn (40222)
Seat 4: Cristobalm19 (47505)
Seat 5: jelachatte (13810)
Seat 6: Don_Tzaloc W (43046)
*** ANTE/BLINDS ***
jelachatte posts ante 80
Don_Tzaloc W posts ante 80
nocpm69 posts ante 80
Rom6177 posts ante 80
TallmAAn posts ante 80
Cristobalm19 posts ante 80
jelachatte posts small blind 350
Don_Tzaloc W posts big blind 700
Dealt to jelachatte [Ac Qs]
*** PRE-FLOP *** 
nocpm69 folds
Rom6177 folds
TallmAAn folds
Cristobalm19 folds
jelachatte raises 1050 to 1750
Don_Tzaloc W calls 1050
*** FLOP *** [3d 4c Js]
jelachatte checks
Don_Tzaloc W bets 1050
jelachatte calls 1050
*** TURN *** [3d 4c Js][Tc]
jelachatte checks
Don_Tzaloc W checks
*** RIVER *** [3d 4c Js Tc][8s]
jelachatte checks
Don_Tzaloc W checks
*** SHOW DOWN ***
jelachatte shows [Ac Qs] (High card : Ace)
Don_Tzaloc W shows [Ah 3c] (One pair : 3)
Don_Tzaloc W collected 6080 from pot
*** SUMMARY ***
Total pot 6080 | No rake
Board: [3d 4c Js Tc 8s]
Seat 5: jelachatte (small blind) showed [Ac Qs] and lost with High card : Ace
Seat 6: Don_Tzaloc W (big blind) showed [Ah 3c] and won 6080 with One pair : 3


Winamax Poker - Tournament "KING 5 - Stade 1B" buyIn: 0€ + 0€ level: 13 - HandId: #2261071389651894286-98-1645043834 - Holdem no limit (100/400/800) - 2022/02/16 20:37:14 UTC
Table: 'KING 5 - Stade 1B(526446707)#0013' 6-max (real money) Seat #5 is the button
Seat 1: nocpm69 (13343)
Seat 2: Rom6177 (18225)
Seat 3: TallmAAn (40142)
Seat 4: Cristobalm19 (47425)
Seat 5: jelachatte (10930)
Seat 6: Don_Tzaloc W (46246)
*** ANTE/BLINDS ***
Don_Tzaloc W posts ante 100
nocpm69 posts ante 100
Rom6177 posts ante 100
TallmAAn posts ante 100
Cristobalm19 posts ante 100
jelachatte posts ante 100
Don_Tzaloc W posts small blind 400
nocpm69 posts big blind 800
Dealt to jelachatte [4h 7h]
*** PRE-FLOP *** 
Rom6177 calls 800
TallmAAn folds
Cristobalm19 folds
jelachatte folds
Don_Tzaloc W calls 400
nocpm69 checks
*** FLOP *** [Jh 9h 5s]
Don_Tzaloc W checks
nocpm69 bets 1500
Rom6177 calls 1500
Don_Tzaloc W folds
*** TURN *** [Jh 9h 5s][Ac]
nocpm69 bets 3000
Rom6177 raises 3000 to 6000
nocpm69 raises 4943 to 10943 and is all-in
Rom6177 calls 4943
*** RIVER *** [Jh 9h 5s Ac][7s]
*** SHOW DOWN ***
nocpm69 shows [Js Tc] (One pair : Jacks)
Rom6177 shows [Th Jc] (One pair : Jacks)
Rom6177 collected 13943 from pot
nocpm69 collected 13943 from pot
*** SUMMARY ***
Total pot 27886 | No rake
Board: [Jh 9h 5s Ac 7s]
Seat 1: nocpm69 (big blind) showed [Js Tc] and won 13943 with One pair : Jacks
Seat 2: Rom6177 showed [Th Jc] and won 13943 with One pair : Jacks


Winamax Poker - Tournament "KING 5 - Stade 1B" buyIn: 0€ + 0€ level: 13 - HandId: #2261071389651894286-99-1645043913 - Holdem no limit (100/400/800) - 2022/02/16 20:38:33 UTC
Table: 'KING 5 - Stade 1B(526446707)#0013' 6-max (real money) Seat #6 is the button
Seat 1: nocpm69 (13943)
Seat 2: Rom6177 (18825)
Seat 3: TallmAAn (40042)
Seat 4: Cristobalm19 (47325)
Seat 5: jelachatte (10830)
Seat 6: Don_Tzaloc W (45346)
*** ANTE/BLINDS ***
nocpm69 posts ante 100
Rom6177 posts ante 100
TallmAAn posts ante 100
Cristobalm19 posts ante 100
jelachatte posts ante 100
Don_Tzaloc W posts ante 100
nocpm69 posts small blind 400
Rom6177 posts big blind 800
Dealt to jelachatte [Ad 6s]
*** PRE-FLOP *** 
TallmAAn raises 800 to 1600
Cristobalm19 folds
jelachatte calls 1600
Don_Tzaloc W folds
nocpm69 folds
Rom6177 calls 800
*** FLOP *** [Jd 4h 8h]
Rom6177 checks
TallmAAn bets 2900
jelachatte folds
Rom6177 folds
TallmAAn collected 8700 from pot
*** SUMMARY ***
Total pot 8700 | No rake
Board: [Jd 4h 8h]
Seat 3: TallmAAn won 8700


Winamax Poker - Tournament "KING 5 - Stade 1B" buyIn: 0€ + 0€ level: 13 - HandId: #2261071389651894286-100-1645043949 - Holdem no limit (100/400/800) - 2022/02/16 20:39:09 UTC
Table: 'KING 5 - Stade 1B(526446707)#0013' 6-max (real money) Seat #1 is the button
Seat 1: nocpm69 (13443)
Seat 2: Rom6177 (17125)
Seat 3: TallmAAn (44142)
Seat 4: Cristobalm19 (47225)
Seat 5: jelachatte (9130)
Seat 6: Don_Tzaloc W (45246)
*** ANTE/BLINDS ***
Rom6177 posts ante 100
TallmAAn posts ante 100
nocpm69 posts ante 100
Cristobalm19 posts ante 100
jelachatte posts ante 100
Don_Tzaloc W posts ante 100
Rom6177 posts small blind 400
TallmAAn posts big blind 800
Dealt to jelachatte [6s 6c]
*** PRE-FLOP *** 
Cristobalm19 folds
jelachatte raises 8230 to 9030 and is all-in
Don_Tzaloc W folds
nocpm69 folds
Rom6177 folds
TallmAAn folds
jelachatte collected 10830 from pot
*** SUMMARY ***
Total pot 10830 | No rake
Seat 5: jelachatte won 10830


Winamax Poker - Tournament "KING 5 - Stade 1B" buyIn: 0€ + 0€ level: 13 - HandId: #2261071389651894286-101-1645043980 - Holdem no limit (100/400/800) - 2022/02/16 20:39:40 UTC
Table: 'KING 5 - Stade 1B(526446707)#0013' 6-max (real money) Seat #2 is the button
Seat 1: nocpm69 (13343)
Seat 2: Rom6177 (16625)
Seat 3: TallmAAn (43242)
Seat 4: Cristobalm19 (47125)
Seat 5: jelachatte (10830)
Seat 6: Don_Tzaloc W (45146)
*** ANTE/BLINDS ***
TallmAAn posts ante 100
Cristobalm19 posts ante 100
nocpm69 posts ante 100
Rom6177 posts ante 100
jelachatte posts ante 100
Don_Tzaloc W posts ante 100
TallmAAn posts small blind 400
Cristobalm19 posts big blind 800
Dealt to jelachatte [8c Jc]
*** PRE-FLOP *** 
jelachatte folds
Don_Tzaloc W raises 960 to 1760
nocpm69 folds
Rom6177 folds
TallmAAn folds
Cristobalm19 calls 960
*** FLOP *** [3h 8h 8d]
Cristobalm19 checks
Don_Tzaloc W bets 1200
Cristobalm19 calls 1200
*** TURN *** [3h 8h 8d][3s]
Cristobalm19 checks
Don_Tzaloc W checks
*** RIVER *** [3h 8h 8d 3s][8s]
Cristobalm19 bets 4152
Don_Tzaloc W folds
Cristobalm19 collected 11072 from pot
*** SUMMARY ***
Total pot 11072 | No rake
Board: [3h 8h 8d 3s 8s]
Seat 4: Cristobalm19 (big blind) won 11072


Winamax Poker - Tournament "KING 5 - Stade 1B" buyIn: 0€ + 0€ level: 13 - HandId: #2261071389651894286-102-1645044061 - Holdem no limit (100/400/800) - 2022/02/16 20:41:01 UTC
Table: 'KING 5 - Stade 1B(526446707)#0013' 6-max (real money) Seat #3 is the button
Seat 1: nocpm69 (13243)
Seat 2: Rom6177 (16525)
Seat 3: TallmAAn (42742)
Seat 4: Cristobalm19 (50985)
Seat 5: jelachatte (10730)
Seat 6: Don_Tzaloc W (42086)
*** ANTE/BLINDS ***
Cristobalm19 posts ante 100
jelachatte posts ante 100
nocpm69 posts ante 100
Rom6177 posts ante 100
TallmAAn posts ante 100
Don_Tzaloc W posts ante 100
Cristobalm19 posts small blind 400
jelachatte posts big blind 800
Dealt to jelachatte [As 9d]
*** PRE-FLOP *** 
Don_Tzaloc W folds
nocpm69 folds
Rom6177 calls 800
TallmAAn folds
Cristobalm19 folds
jelachatte raises 9830 to 10630 and is all-in
Rom6177 calls 9830
*** FLOP *** [Ah Td 3s]
*** TURN *** [Ah Td 3s][Qh]
*** RIVER *** [Ah Td 3s Qh][5h]
*** SHOW DOWN ***
Rom6177 shows [Qc Kc] (One pair : Queens)
jelachatte shows [As 9d] (One pair : Aces)
jelachatte collected 22260 from pot
*** SUMMARY ***
Total pot 22260 | No rake
Board: [Ah Td 3s Qh 5h]
Seat 2: Rom6177 showed [Qc Kc] and lost with One pair : Queens
Seat 5: jelachatte (big blind) showed [As 9d] and won 22260 with One pair : Aces


Winamax Poker - Tournament "KING 5 - Stade 1B" buyIn: 0€ + 0€ level: 14 - HandId: #2261071389651894286-103-1645044098 - Holdem no limit (120/500/1000) - 2022/02/16 20:41:38 UTC
Table: 'KING 5 - Stade 1B(526446707)#0013' 6-max (real money) Seat #4 is the button
Seat 1: nocpm69 (13143)
Seat 2: Rom6177 (5795)
Seat 3: TallmAAn (42642)
Seat 4: Cristobalm19 (50485)
Seat 5: jelachatte (22260)
Seat 6: Don_Tzaloc W (41986)
*** ANTE/BLINDS ***
jelachatte posts ante 120
Don_Tzaloc W posts ante 120
nocpm69 posts ante 120
Rom6177 posts ante 120
TallmAAn posts ante 120
Cristobalm19 posts ante 120
jelachatte posts small blind 500
Don_Tzaloc W posts big blind 1000
Dealt to jelachatte [5c 8s]
*** PRE-FLOP *** 
nocpm69 folds
Rom6177 raises 3220 to 4220
TallmAAn folds
Cristobalm19 folds
jelachatte folds
Don_Tzaloc W folds
Rom6177 collected 6440 from pot
*** SUMMARY ***
Total pot 6440 | No rake
Seat 2: Rom6177 won 6440


Winamax Poker - Tournament "KING 5 - Stade 1B" buyIn: 0€ + 0€ level: 14 - HandId: #2261071389651894286-104-1645044118 - Holdem no limit (120/500/1000) - 2022/02/16 20:41:58 UTC
Table: 'KING 5 - Stade 1B(526446707)#0013' 6-max (real money) Seat #5 is the button
Seat 1: nocpm69 (13023)
Seat 2: Rom6177 (7895)
Seat 3: TallmAAn (42522)
Seat 4: Cristobalm19 (50365)
Seat 5: jelachatte (21640)
Seat 6: Don_Tzaloc W (40866)
*** ANTE/BLINDS ***
Don_Tzaloc W posts ante 120
nocpm69 posts ante 120
Rom6177 posts ante 120
TallmAAn posts ante 120
Cristobalm19 posts ante 120
jelachatte posts ante 120
Don_Tzaloc W posts small blind 500
nocpm69 posts big blind 1000
Dealt to jelachatte [Kc 5s]
*** PRE-FLOP *** 
Rom6177 raises 6775 to 7775 and is all-in
TallmAAn folds
Cristobalm19 folds
jelachatte folds
Don_Tzaloc W folds
nocpm69 folds
Rom6177 collected 9995 from pot
*** SUMMARY ***
Total pot 9995 | No rake
Seat 2: Rom6177 won 9995


Winamax Poker - Tournament "KING 5 - Stade 1B" buyIn: 0€ + 0€ level: 14 - HandId: #2261071389651894286-105-1645044168 - Holdem no limit (120/500/1000) - 2022/02/16 20:42:48 UTC
Table: 'KING 5 - Stade 1B(526446707)#0013' 6-max (real money) Seat #6 is the button
Seat 1: nocpm69 (11903)
Seat 2: Rom6177 (9995)
Seat 3: TallmAAn (42402)
Seat 4: Cristobalm19 (50245)
Seat 5: jelachatte (21520)
Seat 6: Don_Tzaloc W (40246)
*** ANTE/BLINDS ***
nocpm69 posts ante 120
Rom6177 posts ante 120
TallmAAn posts ante 120
Cristobalm19 posts ante 120
jelachatte posts ante 120
Don_Tzaloc W posts ante 120
nocpm69 posts small blind 500
Rom6177 posts big blind 1000
Dealt to jelachatte [9d Th]
*** PRE-FLOP *** 
TallmAAn folds
Cristobalm19 folds
jelachatte folds
Don_Tzaloc W folds
nocpm69 folds
Rom6177 collected 2220 from pot
*** SUMMARY ***
Total pot 2220 | No rake
Seat 2: Rom6177 (big blind) won 2220


Winamax Poker - Tournament "KING 5 - Stade 1B" buyIn: 0€ + 0€ level: 14 - HandId: #2261071389651894286-106-1645044216 - Holdem no limit (120/500/1000) - 2022/02/16 20:43:36 UTC
Table: 'KING 5 - Stade 1B(526446707)#0013' 6-max (real money) Seat #1 is the button
Seat 1: nocpm69 (11283)
Seat 2: Rom6177 (11095)
Seat 3: TallmAAn (42282)
Seat 4: Cristobalm19 (50125)
Seat 5: jelachatte (21400)
Seat 6: Don_Tzaloc W (40126)
*** ANTE/BLINDS ***
Rom6177 posts ante 120
TallmAAn posts ante 120
nocpm69 posts ante 120
Cristobalm19 posts ante 120
jelachatte posts ante 120
Don_Tzaloc W posts ante 120
Rom6177 posts small blind 500
TallmAAn posts big blind 1000
Dealt to jelachatte [6c 4d]
*** PRE-FLOP *** 
Cristobalm19 folds
jelachatte folds
Don_Tzaloc W raises 2000 to 3000
nocpm69 folds
Rom6177 folds
TallmAAn folds
Don_Tzaloc W collected 5220 from pot
*** SUMMARY ***
Total pot 5220 | No rake
Seat 6: Don_Tzaloc W won 5220


Winamax Poker - Tournament "KING 5 - Stade 1B" buyIn: 0€ + 0€ level: 14 - HandId: #2261071389651894286-107-1645044233 - Holdem no limit (120/500/1000) - 2022/02/16 20:43:53 UTC
Table: 'KING 5 - Stade 1B(526446707)#0013' 6-max (real money) Seat #2 is the button
Seat 1: nocpm69 (11163)
Seat 2: Rom6177 (10475)
Seat 3: TallmAAn (41162)
Seat 4: Cristobalm19 (50005)
Seat 5: jelachatte (21280)
Seat 6: Don_Tzaloc W (42226)
*** ANTE/BLINDS ***
TallmAAn posts ante 120
Cristobalm19 posts ante 120
nocpm69 posts ante 120
Rom6177 posts ante 120
jelachatte posts ante 120
Don_Tzaloc W posts ante 120
TallmAAn posts small blind 500
Cristobalm19 posts big blind 1000
Dealt to jelachatte [Qd Kc]
*** PRE-FLOP *** 
jelachatte raises 1500 to 2500
Don_Tzaloc W folds
nocpm69 folds
Rom6177 folds
TallmAAn folds
Cristobalm19 folds
jelachatte collected 4720 from pot
*** SUMMARY ***
Total pot 4720 | No rake
Seat 5: jelachatte won 4720


Winamax Poker - Tournament "KING 5 - Stade 1B" buyIn: 0€ + 0€ level: 14 - HandId: #2261071389651894286-108-1645044259 - Holdem no limit (120/500/1000) - 2022/02/16 20:44:19 UTC
Table: 'KING 5 - Stade 1B(526446707)#0013' 6-max (real money) Seat #3 is the button
Seat 1: nocpm69 (11043)
Seat 2: Rom6177 (10355)
Seat 3: TallmAAn (40542)
Seat 4: Cristobalm19 (48885)
Seat 5: jelachatte (23380)
Seat 6: Don_Tzaloc W (42106)
*** ANTE/BLINDS ***
Cristobalm19 posts ante 120
jelachatte posts ante 120
nocpm69 posts ante 120
Rom6177 posts ante 120
TallmAAn posts ante 120
Don_Tzaloc W posts ante 120
Cristobalm19 posts small blind 500
jelachatte posts big blind 1000
Dealt to jelachatte [Jh 6d]
*** PRE-FLOP *** 
Don_Tzaloc W folds
nocpm69 folds
Rom6177 raises 9235 to 10235 and is all-in
TallmAAn folds
Cristobalm19 folds
jelachatte folds
Rom6177 collected 12455 from pot
*** SUMMARY ***
Total pot 12455 | No rake
Seat 2: Rom6177 won 12455


Winamax Poker - Tournament "KING 5 - Stade 1B" buyIn: 0€ + 0€ level: 14 - HandId: #2261071389651894286-109-1645044315 - Holdem no limit (120/500/1000) - 2022/02/16 20:45:15 UTC
Table: 'KING 5 - Stade 1B(526446707)#0013' 6-max (real money) Seat #4 is the button
Seat 1: nocpm69 (10923)
Seat 2: Rom6177 (12455)
Seat 3: TallmAAn (40422)
Seat 4: Cristobalm19 (48265)
Seat 5: jelachatte (22260)
Seat 6: Don_Tzaloc W (41986)
*** ANTE/BLINDS ***
jelachatte posts ante 120
Don_Tzaloc W posts ante 120
nocpm69 posts ante 120
Rom6177 posts ante 120
TallmAAn posts ante 120
Cristobalm19 posts ante 120
jelachatte posts small blind 500
Don_Tzaloc W posts big blind 1000
Dealt to jelachatte [Ac 9c]
*** PRE-FLOP *** 
nocpm69 folds
Rom6177 folds
TallmAAn folds
Cristobalm19 raises 1220 to 2220
jelachatte raises 5728 to 7948
Don_Tzaloc W folds
Cristobalm19 folds
jelachatte collected 11888 from pot
*** SUMMARY ***
Total pot 11888 | No rake
Seat 5: jelachatte (small blind) won 11888


Winamax Poker - Tournament "KING 5 - Stade 1B" buyIn: 0€ + 0€ level: 14 - HandId: #2261071389651894286-110-1645044346 - Holdem no limit (120/500/1000) - 2022/02/16 20:45:46 UTC
Table: 'KING 5 - Stade 1B(526446707)#0013' 6-max (real money) Seat #5 is the button
Seat 1: nocpm69 (10803)
Seat 2: Rom6177 (12335)
Seat 3: TallmAAn (40302)
Seat 4: Cristobalm19 (45925)
Seat 5: jelachatte (26080)
Seat 6: Don_Tzaloc W (40866)
*** ANTE/BLINDS ***
Don_Tzaloc W posts ante 120
nocpm69 posts ante 120
Rom6177 posts ante 120
TallmAAn posts ante 120
Cristobalm19 posts ante 120
jelachatte posts ante 120
Don_Tzaloc W posts small blind 500
nocpm69 posts big blind 1000
Dealt to jelachatte [9s 6h]
*** PRE-FLOP *** 
Rom6177 calls 1000
TallmAAn folds
Cristobalm19 folds
jelachatte folds
Don_Tzaloc W calls 500
nocpm69 checks
*** FLOP *** [3h Kd 7c]
Don_Tzaloc W bets 1500
nocpm69 folds
Rom6177 raises 9715 to 11215 and is all-in
Don_Tzaloc W folds
Rom6177 collected 16435 from pot
*** SUMMARY ***
Total pot 16435 | No rake
Board: [3h Kd 7c]
Seat 2: Rom6177 won 16435


Winamax Poker - Tournament "KING 5 - Stade 1B" buyIn: 0€ + 0€ level: 14 - HandId: #2261071389651894286-111-1645044381 - Holdem no limit (120/500/1000) - 2022/02/16 20:46:21 UTC
Table: 'KING 5 - Stade 1B(526446707)#0013' 6-max (real money) Seat #6 is the button
Seat 1: nocpm69 (9683)
Seat 2: Rom6177 (16435)
Seat 3: TallmAAn (40182)
Seat 4: Cristobalm19 (45805)
Seat 5: jelachatte (25960)
Seat 6: Don_Tzaloc W (38246)
*** ANTE/BLINDS ***
nocpm69 posts ante 120
Rom6177 posts ante 120
TallmAAn posts ante 120
Cristobalm19 posts ante 120
jelachatte posts ante 120
Don_Tzaloc W posts ante 120
nocpm69 posts small blind 500
Rom6177 posts big blind 1000
Dealt to jelachatte [7c 6s]
*** PRE-FLOP *** 
TallmAAn folds
Cristobalm19 raises 1220 to 2220
jelachatte folds
Don_Tzaloc W folds
nocpm69 raises 7343 to 9563 and is all-in
Rom6177 folds
Cristobalm19 folds
nocpm69 collected 13503 from pot
*** SUMMARY ***
Total pot 13503 | No rake
Seat 1: nocpm69 (small blind) won 13503


Winamax Poker - Tournament "KING 5 - Stade 1B" buyIn: 0€ + 0€ level: 15 - HandId: #2261071389651894286-112-1645044416 - Holdem no limit (140/600/1200) - 2022/02/16 20:46:56 UTC
Table: 'KING 5 - Stade 1B(526446707)#0013' 6-max (real money) Seat #1 is the button
Seat 1: nocpm69 (13503)
Seat 2: Rom6177 (15315)
Seat 3: TallmAAn (40062)
Seat 4: Cristobalm19 (43465)
Seat 5: jelachatte (25840)
Seat 6: Don_Tzaloc W (38126)
*** ANTE/BLINDS ***
Rom6177 posts ante 140
TallmAAn posts ante 140
nocpm69 posts ante 140
Cristobalm19 posts ante 140
jelachatte posts ante 140
Don_Tzaloc W posts ante 140
Rom6177 posts small blind 600
TallmAAn posts big blind 1200
Dealt to jelachatte [Js 3s]
*** PRE-FLOP *** 
Cristobalm19 folds
jelachatte folds
Don_Tzaloc W raises 1440 to 2640
nocpm69 folds
Rom6177 raises 12535 to 15175 and is all-in
TallmAAn folds
Don_Tzaloc W folds
Rom6177 collected 19855 from pot
*** SUMMARY ***
Total pot 19855 | No rake
Seat 2: Rom6177 (small blind) won 19855


Winamax Poker - Tournament "KING 5 - Stade 1B" buyIn: 0€ + 0€ level: 15 - HandId: #2261071389651894286-113-1645044441 - Holdem no limit (140/600/1200) - 2022/02/16 20:47:21 UTC
Table: 'KING 5 - Stade 1B(526446707)#0013' 6-max (real money) Seat #2 is the button
Seat 1: nocpm69 (13363)
Seat 2: Rom6177 (19855)
Seat 3: TallmAAn (38722)
Seat 4: Cristobalm19 (43325)
Seat 5: jelachatte (25700)
Seat 6: Don_Tzaloc W (35346)
*** ANTE/BLINDS ***
TallmAAn posts ante 140
Cristobalm19 posts ante 140
nocpm69 posts ante 140
Rom6177 posts ante 140
jelachatte posts ante 140
Don_Tzaloc W posts ante 140
TallmAAn posts small blind 600
Cristobalm19 posts big blind 1200
Dealt to jelachatte [9c 7c]
*** PRE-FLOP *** 
jelachatte folds
Don_Tzaloc W folds
nocpm69 folds
Rom6177 folds
TallmAAn folds
Cristobalm19 collected 2640 from pot
*** SUMMARY ***
Total pot 2640 | No rake
Seat 4: Cristobalm19 (big blind) won 2640


Winamax Poker - Tournament "KING 5 - Stade 1B" buyIn: 0€ + 0€ level: 15 - HandId: #2261071389651894286-114-1645044454 - Holdem no limit (140/600/1200) - 2022/02/16 20:47:34 UTC
Table: 'KING 5 - Stade 1B(526446707)#0013' 6-max (real money) Seat #3 is the button
Seat 1: nocpm69 (13223)
Seat 2: Rom6177 (19715)
Seat 3: TallmAAn (37982)
Seat 4: Cristobalm19 (44625)
Seat 5: jelachatte (25560)
Seat 6: Don_Tzaloc W (35206)
*** ANTE/BLINDS ***
Cristobalm19 posts ante 140
jelachatte posts ante 140
nocpm69 posts ante 140
Rom6177 posts ante 140
TallmAAn posts ante 140
Don_Tzaloc W posts ante 140
Cristobalm19 posts small blind 600
jelachatte posts big blind 1200
Dealt to jelachatte [5d Th]
*** PRE-FLOP *** 
Don_Tzaloc W folds
nocpm69 folds
Rom6177 folds
TallmAAn raises 1200 to 2400
Cristobalm19 folds
jelachatte folds
TallmAAn collected 5040 from pot
*** SUMMARY ***
Total pot 5040 | No rake
Seat 3: TallmAAn (button) won 5040


Winamax Poker - Tournament "KING 5 - Stade 1B" buyIn: 0€ + 0€ level: 15 - HandId: #2261071389651894286-115-1645044482 - Holdem no limit (140/600/1200) - 2022/02/16 20:48:02 UTC
Table: 'KING 5 - Stade 1B(526446707)#0013' 6-max (real money) Seat #4 is the button
Seat 1: nocpm69 (13083)
Seat 2: Rom6177 (19575)
Seat 3: TallmAAn (40482)
Seat 4: Cristobalm19 (43885)
Seat 5: jelachatte (24220)
Seat 6: Don_Tzaloc W (35066)
*** ANTE/BLINDS ***
jelachatte posts ante 140
Don_Tzaloc W posts ante 140
nocpm69 posts ante 140
Rom6177 posts ante 140
TallmAAn posts ante 140
Cristobalm19 posts ante 140
jelachatte posts small blind 600
Don_Tzaloc W posts big blind 1200
Dealt to jelachatte [Ts Tc]
*** PRE-FLOP *** 
nocpm69 folds
Rom6177 folds
TallmAAn folds
Cristobalm19 folds
jelachatte raises 22880 to 24080 and is all-in
Don_Tzaloc W folds
jelachatte collected 26120 from pot
*** SUMMARY ***
Total pot 26120 | No rake
Seat 5: jelachatte (small blind) won 26120


Winamax Poker - Tournament "KING 5 - Stade 1B" buyIn: 0€ + 0€ level: 15 - HandId: #2261071389651894286-116-1645044503 - Holdem no limit (140/600/1200) - 2022/02/16 20:48:23 UTC
Table: 'KING 5 - Stade 1B(526446707)#0013' 6-max (real money) Seat #5 is the button
Seat 1: nocpm69 (12943)
Seat 2: Rom6177 (19435)
Seat 3: TallmAAn (40342)
Seat 4: Cristobalm19 (43745)
Seat 5: jelachatte (26120)
Seat 6: Don_Tzaloc W (33726)
*** ANTE/BLINDS ***
Don_Tzaloc W posts ante 140
nocpm69 posts ante 140
Rom6177 posts ante 140
TallmAAn posts ante 140
Cristobalm19 posts ante 140
jelachatte posts ante 140
Don_Tzaloc W posts small blind 600
nocpm69 posts big blind 1200
Dealt to jelachatte [Th 5h]
*** PRE-FLOP *** 
Rom6177 folds
TallmAAn folds
Cristobalm19 folds
jelachatte folds
Don_Tzaloc W raises 1440 to 2640
nocpm69 raises 10163 to 12803 and is all-in
Don_Tzaloc W folds
nocpm69 collected 16283 from pot
*** SUMMARY ***
Total pot 16283 | No rake
Seat 1: nocpm69 (big blind) won 16283


Winamax Poker - Tournament "KING 5 - Stade 1B" buyIn: 0€ + 0€ level: 15 - HandId: #2261071389651894286-117-1645044547 - Holdem no limit (140/600/1200) - 2022/02/16 20:49:07 UTC
Table: 'KING 5 - Stade 1B(526446707)#0013' 6-max (real money) Seat #6 is the button
Seat 1: nocpm69 (16283)
Seat 2: Rom6177 (19295)
Seat 3: TallmAAn (40202)
Seat 4: Cristobalm19 (43605)
Seat 5: jelachatte (25980)
Seat 6: Don_Tzaloc W (30946)
*** ANTE/BLINDS ***
nocpm69 posts ante 140
Rom6177 posts ante 140
TallmAAn posts ante 140
Cristobalm19 posts ante 140
jelachatte posts ante 140
Don_Tzaloc W posts ante 140
nocpm69 posts small blind 600
Rom6177 posts big blind 1200
Dealt to jelachatte [9c 2d]
*** PRE-FLOP *** 
TallmAAn folds
Cristobalm19 folds
jelachatte folds
Don_Tzaloc W folds
nocpm69 raises 14943 to 16143 and is all-in
Rom6177 folds
nocpm69 collected 18183 from pot
*** SUMMARY ***
Total pot 18183 | No rake
Seat 1: nocpm69 (small blind) won 18183


Winamax Poker - Tournament "KING 5 - Stade 1B" buyIn: 0€ + 0€ level: 15 - HandId: #2261071389651894286-118-1645044563 - Holdem no limit (140/600/1200) - 2022/02/16 20:49:23 UTC
Table: 'KING 5 - Stade 1B(526446707)#0013' 6-max (real money) Seat #1 is the button
Seat 1: nocpm69 (18183)
Seat 2: Rom6177 (17955)
Seat 3: TallmAAn (40062)
Seat 4: Cristobalm19 (43465)
Seat 5: jelachatte (25840)
Seat 6: Don_Tzaloc W (30806)
*** ANTE/BLINDS ***
Rom6177 posts ante 140
TallmAAn posts ante 140
nocpm69 posts ante 140
Cristobalm19 posts ante 140
jelachatte posts ante 140
Don_Tzaloc W posts ante 140
Rom6177 posts small blind 600
TallmAAn posts big blind 1200
Dealt to jelachatte [Qd Ks]
*** PRE-FLOP *** 
Cristobalm19 folds
jelachatte raises 1800 to 3000
Don_Tzaloc W calls 3000
nocpm69 folds
Rom6177 folds
TallmAAn folds
*** FLOP *** [6h 2c 7c]
jelachatte bets 4320
Don_Tzaloc W folds
jelachatte collected 12960 from pot
*** SUMMARY ***
Total pot 12960 | No rake
Board: [6h 2c 7c]
Seat 5: jelachatte won 12960


Winamax Poker - Tournament "KING 5 - Stade 1B" buyIn: 0€ + 0€ level: 15 - HandId: #2261071389651894286-119-1645044656 - Holdem no limit (140/600/1200) - 2022/02/16 20:50:56 UTC
Table: 'KING 5 - Stade 1B(526446707)#0013' 6-max (real money) Seat #2 is the button
Seat 1: nocpm69 (18043)
Seat 2: Rom6177 (17215)
Seat 3: TallmAAn (38722)
Seat 4: Cristobalm19 (43325)
Seat 5: jelachatte (31340)
Seat 6: Don_Tzaloc W (27666)
*** ANTE/BLINDS ***
TallmAAn posts ante 140
Cristobalm19 posts ante 140
nocpm69 posts ante 140
Rom6177 posts ante 140
jelachatte posts ante 140
Don_Tzaloc W posts ante 140
TallmAAn posts small blind 600
Cristobalm19 posts big blind 1200
Dealt to jelachatte [9h 7s]
*** PRE-FLOP *** 
jelachatte folds
Don_Tzaloc W folds
nocpm69 raises 1800 to 3000
Rom6177 folds
TallmAAn folds
Cristobalm19 folds
nocpm69 collected 5640 from pot
*** SUMMARY ***
Total pot 5640 | No rake
Seat 1: nocpm69 won 5640


Winamax Poker - Tournament "KING 5 - Stade 1B" buyIn: 0€ + 0€ level: 15 - HandId: #2261071389651894286-120-1645044673 - Holdem no limit (140/600/1200) - 2022/02/16 20:51:13 UTC
Table: 'KING 5 - Stade 1B(526446707)#0013' 6-max (real money) Seat #3 is the button
Seat 1: nocpm69 (20543)
Seat 2: Rom6177 (17075)
Seat 3: TallmAAn (37982)
Seat 4: Cristobalm19 (41985)
Seat 5: jelachatte (31200)
Seat 6: Don_Tzaloc W (27526)
*** ANTE/BLINDS ***
Cristobalm19 posts ante 140
jelachatte posts ante 140
nocpm69 posts ante 140
Rom6177 posts ante 140
TallmAAn posts ante 140
Don_Tzaloc W posts ante 140
Cristobalm19 posts small blind 600
jelachatte posts big blind 1200
Dealt to jelachatte [3h Js]
*** PRE-FLOP *** 
Don_Tzaloc W folds
nocpm69 folds
Rom6177 folds
TallmAAn folds
Cristobalm19 folds
jelachatte collected 2640 from pot
*** SUMMARY ***
Total pot 2640 | No rake
Seat 5: jelachatte (big blind) won 2640


Winamax Poker - Tournament "KING 5 - Stade 1B" buyIn: 0€ + 0€ level: 16 - HandId: #2261071389651894286-121-1645044713 - Holdem no limit (160/700/1400) - 2022/02/16 20:51:53 UTC
Table: 'KING 5 - Stade 1B(526446707)#0013' 6-max (real money) Seat #4 is the button
Seat 1: nocpm69 (20403)
Seat 2: Rom6177 (16935)
Seat 3: TallmAAn (37842)
Seat 4: Cristobalm19 (41245)
Seat 5: jelachatte (32500)
Seat 6: Don_Tzaloc W (27386)
*** ANTE/BLINDS ***
jelachatte posts ante 160
Don_Tzaloc W posts ante 160
nocpm69 posts ante 160
Rom6177 posts ante 160
TallmAAn posts ante 160
Cristobalm19 posts ante 160
jelachatte posts small blind 700
Don_Tzaloc W posts big blind 1400
Dealt to jelachatte [5s Jd]
*** PRE-FLOP *** 
nocpm69 folds
Rom6177 folds
TallmAAn raises 1400 to 2800
Cristobalm19 folds
jelachatte folds
Don_Tzaloc W folds
TallmAAn collected 5860 from pot
*** SUMMARY ***
Total pot 5860 | No rake
Seat 3: TallmAAn won 5860


Winamax Poker - Tournament "KING 5 - Stade 1B" buyIn: 0€ + 0€ level: 16 - HandId: #2261071389651894286-122-1645044749 - Holdem no limit (160/700/1400) - 2022/02/16 20:52:29 UTC
Table: 'KING 5 - Stade 1B(526446707)#0013' 6-max (real money) Seat #5 is the button
Seat 1: nocpm69 (20243)
Seat 2: Rom6177 (16775)
Seat 3: TallmAAn (40742)
Seat 4: Cristobalm19 (41085)
Seat 5: jelachatte (31640)
Seat 6: Don_Tzaloc W (25826)
*** ANTE/BLINDS ***
Don_Tzaloc W posts ante 160
nocpm69 posts ante 160
Rom6177 posts ante 160
TallmAAn posts ante 160
Cristobalm19 posts ante 160
jelachatte posts ante 160
Don_Tzaloc W posts small blind 700
nocpm69 posts big blind 1400
Dealt to jelachatte [3h Qh]
*** PRE-FLOP *** 
Rom6177 calls 1400
TallmAAn raises 3500 to 4900
Cristobalm19 folds
jelachatte folds
Don_Tzaloc W folds
nocpm69 folds
Rom6177 calls 3500
*** FLOP *** [5c 4s Jd]
Rom6177 checks
TallmAAn checks
*** TURN *** [5c 4s Jd][As]
Rom6177 checks
TallmAAn bets 6430
Rom6177 folds
TallmAAn collected 19290 from pot
*** SUMMARY ***
Total pot 19290 | No rake
Board: [5c 4s Jd As]
Seat 3: TallmAAn won 19290


Winamax Poker - Tournament "KING 5 - Stade 1B" buyIn: 0€ + 0€ level: 16 - HandId: #2261071389651894286-123-1645044804 - Holdem no limit (160/700/1400) - 2022/02/16 20:53:24 UTC
Table: 'KING 5 - Stade 1B(526446707)#0013' 6-max (real money) Seat #6 is the button
Seat 1: nocpm69 (18683)
Seat 2: Rom6177 (11715)
Seat 3: TallmAAn (48542)
Seat 4: Cristobalm19 (40925)
Seat 5: jelachatte (31480)
Seat 6: Don_Tzaloc W (24966)
*** ANTE/BLINDS ***
nocpm69 posts ante 160
Rom6177 posts ante 160
TallmAAn posts ante 160
Cristobalm19 posts ante 160
jelachatte posts ante 160
Don_Tzaloc W posts ante 160
nocpm69 posts small blind 700
Rom6177 posts big blind 1400
Dealt to jelachatte [5c 2c]
*** PRE-FLOP *** 
TallmAAn folds
Cristobalm19 folds
jelachatte folds
Don_Tzaloc W raises 1400 to 2800
nocpm69 folds
Rom6177 folds
Don_Tzaloc W collected 5860 from pot
*** SUMMARY ***
Total pot 5860 | No rake
Seat 6: Don_Tzaloc W (button) won 5860


Winamax Poker - Tournament "KING 5 - Stade 1B" buyIn: 0€ + 0€ level: 16 - HandId: #2261071389651894286-124-1645044815 - Holdem no limit (160/700/1400) - 2022/02/16 20:53:35 UTC
Table: 'KING 5 - Stade 1B(526446707)#0013' 6-max (real money) Seat #1 is the button
Seat 1: nocpm69 (17823)
Seat 2: Rom6177 (10155)
Seat 3: TallmAAn (48382)
Seat 4: Cristobalm19 (40765)
Seat 5: jelachatte (31320)
Seat 6: Don_Tzaloc W (27866)
*** ANTE/BLINDS ***
Rom6177 posts ante 160
TallmAAn posts ante 160
nocpm69 posts ante 160
Cristobalm19 posts ante 160
jelachatte posts ante 160
Don_Tzaloc W posts ante 160
Rom6177 posts small blind 700
TallmAAn posts big blind 1400
Dealt to jelachatte [2h Qs]
*** PRE-FLOP *** 
Cristobalm19 folds
jelachatte folds
Don_Tzaloc W folds
nocpm69 folds
Rom6177 raises 3760 to 5160
TallmAAn folds
Rom6177 collected 7520 from pot
*** SUMMARY ***
Total pot 7520 | No rake
Seat 2: Rom6177 (small blind) won 7520


Winamax Poker - Tournament "KING 5 - Stade 1B" buyIn: 0€ + 0€ level: 16 - HandId: #2261071389651894286-125-1645044841 - Holdem no limit (160/700/1400) - 2022/02/16 20:54:01 UTC
Table: 'KING 5 - Stade 1B(526446707)#0013' 6-max (real money) Seat #2 is the button
Seat 1: nocpm69 (17663)
Seat 2: Rom6177 (12355)
Seat 3: TallmAAn (46822)
Seat 4: Cristobalm19 (40605)
Seat 5: jelachatte (31160)
Seat 6: Don_Tzaloc W (27706)
*** ANTE/BLINDS ***
TallmAAn posts ante 160
Cristobalm19 posts ante 160
nocpm69 posts ante 160
Rom6177 posts ante 160
jelachatte posts ante 160
Don_Tzaloc W posts ante 160
TallmAAn posts small blind 700
Cristobalm19 posts big blind 1400
Dealt to jelachatte [Kh Js]
*** PRE-FLOP *** 
jelachatte folds
Don_Tzaloc W folds
nocpm69 folds
Rom6177 folds
TallmAAn folds
Cristobalm19 collected 3060 from pot
*** SUMMARY ***
Total pot 3060 | No rake
Seat 4: Cristobalm19 (big blind) won 3060


Winamax Poker - Tournament "KING 5 - Stade 1B" buyIn: 0€ + 0€ level: 16 - HandId: #2261071389651894286-126-1645044886 - Holdem no limit (160/700/1400) - 2022/02/16 20:54:46 UTC
Table: 'KING 5 - Stade 1B(526446707)#0013' 6-max (real money) Seat #3 is the button
Seat 1: nocpm69 (17503)
Seat 2: Rom6177 (12195)
Seat 3: TallmAAn (45962)
Seat 4: Cristobalm19 (42105)
Seat 5: jelachatte (31000)
Seat 6: Don_Tzaloc W (27546)
*** ANTE/BLINDS ***
Cristobalm19 posts ante 160
jelachatte posts ante 160
nocpm69 posts ante 160
Rom6177 posts ante 160
TallmAAn posts ante 160
Don_Tzaloc W posts ante 160
Cristobalm19 posts small blind 700
jelachatte posts big blind 1400
Dealt to jelachatte [Tc Kh]
*** PRE-FLOP *** 
Don_Tzaloc W folds
nocpm69 raises 15943 to 17343 and is all-in
Rom6177 folds
TallmAAn folds
Cristobalm19 folds
jelachatte folds
nocpm69 collected 20403 from pot
*** SUMMARY ***
Total pot 20403 | No rake
Seat 1: nocpm69 won 20403


